<?xml version="1.0" encoding="UTF-8"?><record xmlns="http://www.loc.gov/MARC21/slim" xmlns:cinclude="http://apache.org/cocoon/include/1.0" xmlns:zs="http://www.loc.gov/zing/srw/">
  <leader>00420nz  a2200121n  4500</leader>
  <controlfield tag="001">n  88127052 </controlfield>
  <controlfield tag="003">DLC</controlfield>
  <controlfield tag="005">19880817101702.9</controlfield>
  <controlfield tag="008">880729n| acannaab|          |n aaa ||| c</controlfield>
  <datafield tag="010" ind1=" " ind2=" ">
    <subfield code="a">n  88127052 </subfield>
  </datafield>
  <datafield tag="040" ind1=" " ind2=" ">
    <subfield code="a">DGPO</subfield>
    <subfield code="c">DLC</subfield>
    <subfield code="d">DLC</subfield>
  </datafield>
  <datafield tag="100" ind1="1" ind2="0">
    <subfield code="a">Guzzetti, Barbara J.</subfield>
  </datafield>
  <datafield tag="670" ind1=" " ind2=" ">
    <subfield code="a">Her Report on instruments for measuring school effectiveness, 1983:</subfield>
    <subfield code="b">t.p. (Barbara J. Guzzetti; Mid-continent Regional Educational Laboratory, Aurora, Colo.)</subfield>
  </datafield>
</record>